% Encoding: UTF-8

@InProceedings{Bhardwaj:2016,
  author       = {A. Bhardwaj and G. V. B. Subrahmanyam and V. Avasthi and H. Sastry and S. Goundar},
  title        = {{DD}o{S} attacks, new {DD}o{S} taxonomy and mitigation solutions - {A} survey},
  booktitle    = {2016 International Conference on Signal Processing, Communication, Power and Embedded System (SCOPES)},
  year         = {2016},
  pages        = {793--798},
  month        = oct,
  organization = {IEEE},
  keywords     = {rank1},
}

@Misc{Imperva:2018,
  author = {Imperva Inc.},
  title  = {Imperva Incapsula {DD}o{S} Protection},
  year   = {2018},
  note   = {Accessed Dec 02, 2018},
  url    = {https://www.imperva.com/resources/datasheets/ddos-protection.pdf},
}

@Misc{Damballa:2009,
  author = {Gunter Ollmann},
  title  = {Botnet Communication Topologies - Understanding the intricacies of botnet Command-and-Control},
  month  = apr,
  year   = {2009},
  note   = {Original document from Damballa, Inc. Accessed Dec 02, 2018},
  url    = {http://www.technicalinfo.net/papers/PDF/WP_Botnet_Communications_Primer_(2009-06-04).pdf},
}

@Article{Nagpal:2015,
  author   = {Bharti Nagpal and Pratima Sharma and Naresh Singh Chauhan and Angel Panesar},
  title    = {{DD}o{S} tools: classification, analysis and comparison},
  journal  = {2015 2nd International Conference on Computing for Sustainable Global Development ({INDIAC}om)},
  year     = {2015},
  pages    = {342--346},
  keywords = {rank1},
}

@Article{Liu:2012,
  author  = {{Xiao-ming} Liu and Gong Cheng and Qi Li and Miao Zhang},
  title   = {A comparative study on flood {D}o{S} and low-rate {D}o{S} attacks},
  journal = {The Journal of China Universities of Posts and Telecommunications},
  year    = {2012},
  volume  = {19},
  pages   = {116--121},
  issn    = {1005-8885},
}

@Book{Soltanian:2016,
  title     = {Theoretical and Experimental Methods for Defending Against {DD}o{S} Attacks},
  publisher = {Syngress},
  year      = {2016},
  author    = {Mohammad Reza Khalifeh Soltanian and Iraj Sadegh Amiri},
  edition   = {First},
  month     = nov,
  keywords  = {rank4},
}

@Article{McCallie:2011,
  author   = {Donald McCallie and Jonathan Butts and Robert Mills},
  title    = {Security analysis of the {ADS}-{B} implementation in the next generation air transportation system},
  journal  = {International Journal of Critical Infrastructure Protection},
  year     = {2011},
  volume   = {4},
  number   = {2},
  pages    = {78--87},
  keywords = {rank5},
}

@Article{Kolias:2017,
  author   = {C. Kolias and G. Kambourakis and A. Stavrou and J. Voas},
  title    = {{DD}o{S} in the {I}o{T}: Mirai and Other Botnets},
  journal  = {Computer},
  year     = {2017},
  volume   = {50},
  number   = {7},
  pages    = {80--84},
  keywords = {rank5},
}

@InProceedings{Antonakakis:2017,
  author    = {Manos Antonakakis and Tim April and Michael Bailey and Matt Bernhard and Elie Bursztein and Jaime Cochran and Zakir Durumeric and J. Alex Halderman and Luca Invernizzi and Michalis Kallitsis and Deepak Kumar and Chaz Lever and Zane Ma and Joshua Mason and Damian Menscher and Chad Seaman and Nick Sullivan and Kurt Thomas and Yi Zhou},
  title     = {Understanding the Mirai Botnet},
  booktitle = {26th {USENIX} Security Symposium ({USENIX} Security 17)},
  year      = {2017},
  pages     = {1093--1110},
  address   = {Vancouver, BC},
  publisher = {{USENIX} Association},
  keywords  = {rank5},
}

@Article{Rose:2015,
  author   = {Rose, Karen and Eldridge, Scott and Chapin, Lyman},
  title    = {The internet of things: An overview},
  journal  = {The Internet Society (ISOC)},
  year     = {2015},
  pages    = {1--50},
  keywords = {rank5},
}

@Article{Columbus:2018,
  author    = {Columbus, Louis},
  title     = {2018 {R}oundup of Internet of Things Forecasts And Market Estimates},
  journal   = {Forbes},
  year      = {2018},
  month     = dec,
  keywords  = {rank5},
  publisher = {Forbes Enterprise \& Cloud},
  url       = {https://www.forbes.com/sites/louiscolumbus/2018/12/13/2018-roundup-of-internet-of-things-forecasts-and-market-estimates/#2924c0677d83},
}

@Article{Schatz:2017,
  author   = {Schatz, Daniel and Bashroush, Rabih and Wall, Julie},
  title    = {Towards a more representative definition of cyber security},
  journal  = {Journal of Digital Forensics, Security and Law},
  year     = {2017},
  volume   = {12},
  number   = {2},
  pages    = {8},
  keywords = {rank5},
}

@Article{Mirkovic:2004,
  author    = {Mirkovic, Jelena and Reiher, Peter},
  title     = {A Taxonomy of DDoS Attack and DDoS Defense Mechanisms},
  journal   = {SIGCOMM Comput. Commun. Rev.},
  year      = {2004},
  volume    = {34},
  number    = {2},
  pages     = {39--53},
  month     = apr,
  address   = {New York, NY, USA},
  keywords  = {rank5},
  publisher = {ACM},
}

@Comment{jabref-meta: databaseType:bibtex;}
